@Online{octave:2012,
  author = 	 {{Octave community}},
  title = 	 {{GNU/Octave}},
  date = 	 2012,
  url = 	 {www.gnu.org/software/octave/},
  subtitle =  {Octave,Software}}

@Online{vfgen,
  author = 	 {Warren Weckesser},
  title = 	 {VFGEN},
  year = 	 2013,
  url = 	 {http://www.warrenweckesser.net/vfgen/index.html}}

